@online{searchMicroservices,
      author = {Brein Matturro},
        title = {Microservices},
          year = 2017,
            url = {http://searchmicroservices.techtarget.com/definition/microservices},
              urldate = {2017-06-18}
}
